@mastersthesis{thesis,
    title       = {Analisi automatica di disegni per attribuzione d'autore},
    author      = {Magrini Alunno, Stefano},
    year        = {2021},
    month       = {March},
    note        = {Available at \url{https://www.linkedin.com/feed/update/urn:li:activity:7182499324092694529/}},
    school      = {La Sapienza},
    type        = {Bachelor's thesis}
}
@misc{Reflex,
  title         = {Illustrazione di una fotocamera digitale di tipo reflex},
  author        = {Jean François WITZ},
  year          = {2008},
  howpublished  = {\url{https://upload.wikimedia.org/wikipedia/commons/3/31/Reflex_camera_numeric.svg}},
  note          = {CC BY-SA 3.0 Deed},
}
@misc{FirstPhoto,
  title         = {View from the Window at Le Gras},
  author        = {Joseph Nicéphore Niépce},
  year          = {c.1826},
  howpublished  = {\url{https://upload.wikimedia.org/wikipedia/commons/5/5c/View_from_the_Window_at_Le_Gras%2C_Joseph_Nic%C3%A9phore_Ni%C3%A9pce.jpg}},
  note          = {public domain},
}
@article{FuzzyClustering_developDoc,
author          = {J. C. Dunn},
title           = {A Fuzzy Relative of the ISODATA Process and Its Use in Detecting Compact Well-Separated Clusters},
journal         = {Journal of Cybernetics},
volume          = {3},
number          = {3},
pages           = {32--57},
year            = {1973},
publisher       = {Taylor \& Francis},
doi             = {10.1080/01969727308546046},
URL             = {https://doi.org/10.1080/01969727308546046},
eprint          = {https://doi.org/10.1080/01969727308546046}
}
@article{Shannon_ngrammodel,
author			= {Daniel Jurafsky \& James H. Martin},
title 			= {An Introduction to Natural Language Processing,
Computational Linguistics, and Speech Recognition},
year   			= {2024},
journal 		= { },
URL				= {https://web.stanford.edu/~jurafsky/slp3/ed3bookfeb3_2024.pdf}
}
@article{SapAttribution,
	author = {Basile, Chiara and Benedetto, Dario and Caglioti, Emanuele and Degli Esposti, Mirko},
	year = {2008},
	month = {12},
	pages = {},
	title = {An example of mathematical authorship attribution},
	volume = {49},
	journal = {Journal of Mathematical Physics},
	doi = {10.1063/1.2996507}
}
@article{MaxWell_Colours,
	ISSN = {00368504, 20477163},
	URL = {http://www.jstor.org/stable/43424831},
	author = {I. B. HOPLEY},
	journal = {Science Progress (1933- )},
	number = {189},
	pages = {46--66},
	publisher = {Temporary Publisher},
	title = {CLERK MAXWELL'S EXPERIMENTS ON COLOUR VISION},
	urldate = {2024-09-27},
	volume = {48},
	year = {1960}
}
@article{FFT,
URL = {https://www.jstor.org/stable/2003354},
author = {Cooley J. W., Tukey J. W.},
title = {An Algorithm for the Machine Calculation of Complex Fourier Series},
pages = {297--301},
year = {1965}
}

@article{czt_source,
	author={Rabiner, Lawrence R. and Schafer, Ronald W. and Rader, Charles M.},
	journal={The Bell System Technical Journal},
	title={The chirp z-transform algorithm and its application},
	year={1969},
	volume={48},
	number={5},
	pages={1249-1292},
	keywords={},
	doi={10.1002/j.1538-7305.1969.tb04268.x}}
